@article{deift,
	author = {P. Deift and T. Nanda and C. Tomei},
	title = {Ordinary Differential Equations and the Symmetric Eigenvalue Problem},
	journal = {SIAM Journal on Numerical Analysis},
	volume = {20},
	number = {1},
	pages = {1-22},
	year = {1983},
	doi = {10.1137/0720001},
	URL = {http://dx.doi.org/10.1137/0720001},
	eprint = {http://dx.doi.org/10.1137/0720001}
}

@article{chu_realization,
	author = {Moody T. Chu},
	title = {On the Continuous Realization of Iterative Processes},
	journal = {SIAM Review},
	volume = {30},
	number = {3},
	pages = {375-387},
	year = {1988},
	doi = {10.1137/1030090},
	URL = {http://dx.doi.org/10.1137/1030090},
	eprint = {http://dx.doi.org/10.1137/1030090}
}

@INPROCEEDINGS{chu_flows,
	author = {Moody T. Chu},
	title = {A list of matrix flows with applications},
	booktitle = {in Hamiltonian and Gradients Flows, Algorithms and Control},
	year = {1994},
	pages = {87--97}
}

@INPROCEEDINGS{brockett, 
	author={R. W. Brockett}, 
	booktitle={Proceedings of the 27th IEEE Conference on Decision and Control}, 
	title={Dynamical systems that sort lists, diagonalize matrices and solve linear programming problems}, 
	year={1988}, 
	pages={799-803 vol.1}, 
	keywords={analogue computers;linear programming;mathematics computing;matrix algebra;sorting;analog computer;combinatorial optimization;diagonalize matrices;dynamical system;linear programming;lists sorting;mathematics computing;Analog computers;Computational complexity;Computer networks;Concurrent computing;Eigenvalues and eigenfunctions;Equations;Linear programming;Neural networks;Parallel processing;Symmetric matrices}, 
	doi={10.1109/CDC.1988.194420}, 
	month={Dec},
}

@article{Absil2006ContinuoustimeST,
	title={Continuous-time Systems that Solve Computational Problems},
	author={Pierre-Antoine Absil},
	journal={IJUC},
	year={2006},
	volume={2},
	pages={291-304}
}

@article{Tomei:2015fxa,
	author         = "Tomei, Carlos",
	title          = "{The Toda lattice, old and new}",
	year           = "2015",
	eprint         = "1508.03229",
	archivePrefix  = "arXiv",
	primaryClass   = "math.DS",
	SLACcitation   = "%%CITATION = ARXIV:1508.03229;%%"
}

@Inbook{bloch,
	author="Bloch, Anthony M.
	and Rojo, Alberto G.",
	editor="Hu, Xiaoming
	and Jonsson, Ulf
	and Wahlberg, Bo
	and Ghosh, Bijoy",
	title="Sorting: The Gauss Thermostat, the Toda Lattice and Double Bracket Equations        ",
	bookTitle="Three Decades of Progress in Control Sciences: Dedicated to Chris Byrnes and Anders Lindquist",
	year="2010",
	publisher="Springer Berlin Heidelberg",
	address="Berlin, Heidelberg",
	pages="35--48",
	isbn="978-3-642-11278-2",
	doi="10.1007/978-3-642-11278-2_3",
	url="http://dx.doi.org/10.1007/978-3-642-11278-2_3"
}

@Inbook{helmke,
	author="Helmke, Uwe and Moore, John B.",
	title="Double Bracket Isospectral Flows",
	bookTitle="Optimization and Dynamical Systems",
	year="1994",
	publisher="Springer London",
	address="London, UK",
	pages="43--80",
	isbn="978-1-4471-3467-1",
	doi="10.1007/978-1-4471-3467-1_2",
	url="http://dx.doi.org/10.1007/978-1-4471-3467-1_2"
}

@article{Guseinov:2013:CCS:2770424.2770484,
	author = {Guseinov, Gusein Sh.},
	title = {A Class of Complex Solutions to the Finite Toda Lattice},
	journal = {Math. Comput. Model.},
	issue_date = {March 2013},
	volume = {57},
	number = {5},
	month = mar,
	year = {2013},
	issn = {0895-7177},
	pages = {1190--1202},
	numpages = {13},
	url = {http://dx.doi.org/10.1016/j.mcm.2012.10.022},
	doi = {10.1016/j.mcm.2012.10.022},
	acmid = {2770484},
	publisher = {Elsevier Science Publishers B. V.},
	address = {Amsterdam, The Netherlands, The Netherlands},
	keywords = {Difference equation, Inverse spectral problem, Jacobi matrix, Spectral data, Toda lattice},
}

@article{PhysRevE.80.025601,
	title = {Nonholonomic double-bracket equations and the Gauss thermostat},
	author = {Rojo, Alberto G. and Bloch, Anthony M.},
	journal = {Phys. Rev. E},
	volume = {80},
	issue = {2},
	pages = {025601},
	numpages = {4},
	year = {2009},
	month = {Aug},
	publisher = {American Physical Society},
	doi = {10.1103/PhysRevE.80.025601},
	url = {http://link.aps.org/doi/10.1103/PhysRevE.80.025601}
}

@online{harvard_robo,
  author = {Harvard Robotics Laboratory},
  title = {Analog Computation },
  year = {2003-2004. \url{hrl.harvard.edu/analog/}  2016-12-20},
  url = {hrl.harvard.edu/analog/},
  urldate = {2016-12-20}
}